<?xml version="1.0" encoding="UTF-8"?><collection xmlns="http://www.loc.gov/MARC21/slim"><record><leader>00378nam--2200145-i-4500</leader><controlfield tag="001">000031566</controlfield><controlfield tag="002">20161230</controlfield><controlfield tag="005">20161230201038</controlfield><controlfield tag="008">060222s1000------------r-----000-0-eng-d</controlfield><datafield ind1=" " ind2=" " tag="080"><subfield code="a">513</subfield></datafield><datafield ind1=" " ind2=" " tag="100"><subfield code="a">Loos, Ottmar</subfield></datafield><datafield ind1=" " ind2=" " tag="245"><subfield code="a">Symmetric spaces. general theory</subfield></datafield><datafield ind1=" " ind2=" " tag="260"><subfield code="a">New York, W.A.Benjamin, Inc., 1969. Vii+198p</subfield></datafield><datafield ind1=" " ind2=" " tag="490"><subfield code="a">Mathematics Lecture Note Series</subfield></datafield><datafield ind1=" " ind2=" " tag="852"><subfield code="a">31829</subfield></datafield></record></collection>